@article{ChowParallel,
  author = {A. Chow},
  title = {Parallel Algorithms for Geometric Problems}
}

@article{Russ1988Efficient,
  author = {Quentin F. Russ and Stout},
  title = {Efficient parallel convex hull algorithms},
  journal = {Computers, IEEE Transactions on},
  year = {1988},
  volume = {37},
  issue= {12},
  page= {1605 - 1618}
}

@article{DehneA,
  author = {Frank Dehne},
  title = {A randomized parallel 3D convex hull algorithm for coarse grained multicomputers},
  journal ={Proceedings of the seventh annual ACM symposium on Parallel algorithms and architectures. ACM},
  year = {1995}
}

@article{Atallah1986Efficient,
  author = {Atallah Mikhail J. and Michael T. Goodrich},
  title = {Efficient parallel solutions to some geometric problems},
  journal = {Journal of Parallel and Distributed Computing},
  year = {1986},
  volume = {3},
  issue= {4},
  page= {492 - 507}
}

@article{NancyParallel,
  author = {M. Nancy and Michael T. Goodrich and Edgar A. Ramos},
  title = {Parallel algorithms for higher - dimensional convex hulls},
  journal = {Foundations of Computer Science, 1994 Proceedings., 35th Annual Symposium on. IEEE,},
  volume = {1994}
}

@article{Mohamadou1999Scalable,
  author = {Mohamadou},
  title = {Scalable 2d convex hull and triangulation algorithms for coarse grained multicomputers},
  journal = {Journal of Parallel and Distributed Computing},
  year = {1999},
  volume = {56},
  issue= {1},
  page= {47 - 70}
}

@article{SrikanthFast,
  author = {Srikanth},
  title = {Fast two dimensional convex hull on the GPU},
  journal = {Advanced Information Networking and Applications ( WAINA)},
  year = {2011}
}

@article{Day1991Parallel,
  author = {A. M. Day},
  title = {Parallel implementation of 3D convex - hull},
  journal = {algorithm Computer - Aided Design},
  year = {1991},
  issue= {23.3},
  page= {177 - 188}
}

@article{Mujtaba1997Fast,
  author = {R. Mujtaba and Michael T. Goodrich},
  title = {Fast randomized parallel methods for planar convex hull construction},
  journal = {Computational Geometry},
  year = {1997},
  volume = {7},
  issue= {4},
  page= {219 - 235}
}

@article{Barber1996,
  author = {C. Bradford Barber and David P. Dobkin},
  title = {The quickhull algorithm for convex hulls},
  journal = {ACM Trans. Math. Softw. December},
  year = {1996 1996},
  volume = {22},
  page= {4 469 - 483}
}

@article{Stein2012CudaHull,
  author = {Eran Geva Ayal Stein and Jihad El-Sana},
  title = {CudaHull: Fast parallel 3D convex hull on the GPU},
  journal = {Computers & Graphics},
  year = {2012},
  volume = {36},
  issue = {4},
  pages = {265-271}
}